@misc{1,
author = {Normalbreathing.com},
title = {Normal Respiratory Frequency and Ideal Breathing},
howpublished = {},
note = {\url{https://www.normalbreathing.com/rate/}}
}

@misc{2,
author = {TeachPE.com},
title = {Respiratory Volumes},
howpublished = {},
note = {\url{https://www.teachpe.com/anatomy-physiology/respiratory-volumes}}
}


@misc{3,
author = {Biology Dictionary},
title = {Oxygen Saturation},
howpublished = {},
note ={\url{https://biologydictionary.net/oxygen-saturation/}}
}

@misc{4,
author = {Medical Dictionary },
title = {Medical Diagnosis},
howpublished = {},
note ={\url{https://medical-dictionary.thefreedictionary.com/medical+diagnosis}}
}







@misc{5,
author = {J.H.R. Endin*; P.J.M. Heskes },
title = {Harmonic Interaction between a Large Number of Distributed Power Inverters and the Distribution Network },
howpublished = {IEEE},
note ={\url{https://ieeexplore.ieee.org/iel5/63/29735/01353350.pdf}}
}

@misc{6,
author = { Juan Manuel Oviedo Lutkens; David Muñoz Tascón},
title = {Diseño e implementación de un arreglo de microinversores solares conectados en serie con control de amplitud 2016},
howpublished = {Trabajo de Grado},
note ={}
}

@misc{7,
author = {Congreso de la república },
title = {Ley 1715 2014},
howpublished = {},
note ={\url{www.secretariasenado.gov.co/senado/basedoc/ley_1715_2014.htm}}
}

@misc{8,
author = {Rojas Johann Florez},
title = {Energías alternativas en colombia bajo la ley 1715.pp 5-6},
howpublished = {},
note ={}
}

@misc{9,
author = {UPME },
title = {Ministerio de Minas y Energía MME; Subdirección de Energía Eléctrica pp 10},
howpublished = {UPME No. 0520, No. 0638 de 2007 y No. 0143 de 2016; },
note ={\url{www.secretariasenado.gov.co/senado/basedoc/ley_1715_2014.htm}}
}

@misc{10,
author = {Muñoz Diana; Velandia Castrillón},
title = {Caracterizaci\'on de impactos mediante simulaciones cuando se tienen puntos de inyecci\'on de energ\'ia fotovoltaica, Anteproyecto justificación pp 11 2017},
howpublished = {Anteproyecto de trabajo de grado },
note ={}
}

@misc{11,
author = {Ahmed Mohamed Abd el Motaleb},
title = {Seguimiento del punto de máxima potencia en Sistemas Fotovoltaicos},
howpublished = {Universidad de Sevilla },
note ={}
}

@misc{12,
author = {Equipment input current 5 16A per phase},
title = {Limit for harmonic current emissions },
howpublished = {IEC 61000-3-2  },
note ={\url{}}
}

@misc{13,
author = {M. Calais, J. Myrzik, T. Spooner, V. G. Agelidis },
title = {Inverters for Single- Phase Grid Connected Photovoltaic Systems - An Overview”, Proceedings 33th IEEE Power Elecironics Specialists Conference (PESC-O2), 23 - 27 June 2002, Caims, Australia 13 },
howpublished = {IEEE },
note ={}
}

@misc{14,
author = {Manuel Vicent Gascó Gonzáles},
title = {Integracion de energias renovables en redes electricas inteligentes; tesis doctoral; universidad de Alicante 2013},
howpublished = {},
note ={}
}

@misc{15,
author = {Ideam},
title = {Atlas de radiación solar Ultravioleta y Ozono de Colombia},
howpublished = {},
note ={\url{http://atlas.ideam.gov.co/visorAtlasRadiacion.html}}
}

@misc{16,
author = {Alberto Carbajo Josa},
title = {Integración de las energias renovables en el sistema eléctrico 2012},
howpublished = {},
note ={\url{http://www.fundacionalternativas.org/public/storage/laboratorio_documentos_archivos/6166d6f83d79becd75c9196b685d36f6.pdf}}
}

@misc{17,
author = {Régimen legal de Bogotá},
title = {Ley 142 de 1994 Nivel Nacional},
howpublished = {},
note ={\url{http://www.alcaldiabogota.gov.co/sisjur/normas/Norma1.jsp?i=2752}}
}

@misc{18,
author = {Régimen legal de Bogotá},
title = {Ley 143 de 1994 Nivel Nacional},
howpublished = {},
note ={\url{http://www.alcaldiabogota.gov.co/sisjur/normas/Norma1.jsp?i=4631}}
}

@misc{19,
author = {J.F.G. Cobben},
title = {PV and PQ, interaction en limits” (in Dutch: “PV en PQ, interactie en grenzen”), Final Year Thesis, Technical University Eindhoven, May 2002},
howpublished = {},
note ={}
}

@misc{20,
author = {TDI sistemas},
title = {Informe Final TDI },
howpublished = {Informe de Auditoria},
note ={}
}

@misc{21,
author = {},
title = {La Javeriana le apuesta a la sostenibilidad},
howpublished = {Pagina de la Pontificia Universidad Javeriana Cali},
note ={\url{https://www.javerianacali.edu.co/noticias/la-javeriana-le-apuesta-la-sostenibilidad }}
}

@misc{22,
author = {Fronius},
title = {},
howpublished = {},
note ={\url{https://www.fronius.com/~/downloads/.../SE_DS_Froius_Symo_UL_EN_CA.pd }}
}

@misc{23,
author = {},
title = {Telemedida y la Telegestión 2012},
howpublished = {},
note ={\url{ https://blog.holaluz.com/bienvenidos-al-maravilloso-mundo-de-la-telemedida/ }}
}

@misc{24,
author = {},
title = {Conceptos Básicos de una red convencional},
howpublished = {},
note ={\url{http://www.clusterenergia.com/redes-electricas-2 }
}}

@misc{25,
author = {IEEE Standard 519-1992},
title = {Recommended Practice for Harmonic Control in Electric Power Systems,” 1992. 2. IEC Standard 61000-3-6, “Assessment of Emission Limits for Distorting Loads in MV and HV Power Systems,” 1st edition, 1996.},
howpublished = {IEEE},
note ={\url{http://sci-hub.tw/10.1109/pes.2005.1489688}}
}

@misc{26,
author = {UPME},
title = {Integración  de las energías renovables no convencionales  en Colombia},
howpublished = {},
note ={}
}

@misc{27,
author = {La Republica},
title = {La integración de renovables cuesta US 1.200 millones},
howpublished = {web},
note ={\url{https://www.larepublica.co/especiales/exposolar/cuanto-cuesta-implementar-las-energias-renovables-2719038}}
}

@misc{28,
author = {Elecsolar},
title = {Diferencia entre regulador PWM y MPPT 2015},
howpublished = {web},
note ={\url{http://www.elecsolsolar.com/diferencia-entre-regulador-pwm-y-mppt/}}
}

@misc{29,
author = {Universidad Nacional de Colombia},
title = {Punto de acople común PCC; Course title: Minas 101},
howpublished = {web},
note ={\url{ https://www.coursehero.com/file/p1mdkhp/511-El-punto-de-acople-comun-PCC-En-este-art-%C4%B1culo-se-han-tomado-como/}}
}

@misc{30,
author = {Ahmed Mohamed Abd el Motaleb},
title = {Seguimiento del punto de máxima potencia en Sistemas Fotovoltaicos septiembre 2010},
howpublished = {Trabajo Fin de Master Escuela Técnica Superior de Ingenieros (ETS)},
note ={\url{ http://bibing.us.es/proyectos/abreproy/70172/fichero/Resumen.pdf}}
}

@misc{31,
author = {Fco-Ducoy Javier Ramón},
title = {Escuela superior de ingenieros de Sevilla; Implantación de energías renovables },
howpublished = {Escuela superior de ingenieros de Sevilla},
note ={\url{ http://bibing.us.es/proyectos/abreproy/5145/fichero/3.+%C2%BFQu%C3%A9+es+una+microrred.pdf}}
}

@misc{32,
author = {Carvajal Jiménez Carlos Eduardo},
title = {Análisis de resonancia armónica en sistemas eléctricos 2007 },
howpublished = {Universidad tecnológica de Pereira},
note ={\url{  http://repositorio.utp.edu.co/dspace/bitstream/handle/11059/494/6213192C331ar.pdf;sequence=1 }}
}

@misc{33,
author = {Minminas},
title = {Reglamento Técnico de Instalaciones Eléctricas - RETIE },
howpublished = {web},
note ={\url{  https://www.minminas.gov.co/retie }}
}

@misc{34,
author = {LOPEZ Gomez de Marzoa},
title = {inversor solar fotovolatico y como funciona? Sun Fields España },
howpublished = {web},
note ={\url{  https://www.sfe-solar.com/noticias/articulos/equipos-solares-ondulador-o-inversor-fotovoltaico/ }}
}

@misc{35,
author = {Perez Miguel},
title = {Desarrollo tecnológico de Conermex S.A. de C.V; Inversores Fronius ¿Qué familia utilizar? },
howpublished = {web},
note ={\url{http://www.conermex.com.mx/blog-inversores2.html  }}
}

@misc{36,
author = {Ingelibre},
title = {Influencia de la irradiación y temperatura sobre una placa fotovoltaica 2014 },
howpublished = {web},
note ={\url{https://ingelibreblog.wordpress.com/2014/11/09/influencia-de-la-irradiacion-y-temperatura-sobre-una-placa-fotovoltaica/ }}
}

@misc{37,
author = {Aros Solar Tecnology},
title = {La importancia del MPPT (Maximum Power Point Tracker)},
howpublished = {web},
note ={\url{http://www.aros-solar.com/es/la-importancia-del-mppt-maximum-power-point-tracker }}
}

@misc{38,
author = {Arango Fabio Perez },
title = {Análisis de dos metodologías para operar en el sistema SFV en el punto de máxima transferencia},
howpublished = {web},
note ={\url{http://repositorio.utp.edu.co/dspace/bitstream/handle/11059/6190/621312134P438.pdf?sequence=1 }}
}

@misc{39,
author = {Celsia},
title = {Proyecto solar fotovoltaico Universidad Javeriana},
howpublished = {Informe de instalación},
note ={\url{ }}
}





